@Article{Alnaesetal2014,
 author = {Aln{\ae}s, Martin S. and Logg, Anders and Olgaard, Kristian B. and Rognes, Marie E. and Wells, Garth N.},
 title = {Unified Form Language: A Domain-specific Language for Weak Formulations of Partial Differential Equations},
 journal = {ACM Trans. Math. Softw.},
 volume = {40},
 number = {2},
 year = {2014},
 pages = {9:1--9:37},
}

@Book{AscherPetzold1998,
  AUTHOR    = {U. Ascher and L. Petzold},
  TITLE     = {{Computer Methods for Ordinary Differential Equations and
                Differential-Algebraic Equations}},
  PUBLISHER = {SIAM Press},
  ADDRESS   = {Philadelphia},
  YEAR      = {1998},
}

@Article{Aschwandenetal2012,
  author	= {A. Aschwanden and E. Bueler and C. Khroulev and H.
		  Blatter},
  title		= {An enthalpy formulation for glaciers and ice sheets},
  journal	= {J. Glaciol.},
  volume	= {58},
  number	= {209},
  year		= {2012},
  pages		= {441--457},
}

@TechReport{Balayetal2020,
  Author = {S. Balay and S. Abhyankar and M. Adams and J. Brown and P. Brune and K. Buschelman and L. Dalcin and A. Dener and V. Eijkhout and W. Gropp and D. Karpeyev and D. Kaushik and M. Knepley and D. May and L. Curfman McInnes and R. Mills and T. Munson and K. Rupp and P. Sanan and B. Smith and S. Zampini and H. Zhang and H. Zhang},
  Title = {{PETS}c {U}sers {M}anual},
  Number = {ANL-95/11 - Revision 3.13},
  Institution = {Argonne National Laboratory},
  Year = {2020}
}

@Article{BaliseRaymond1985,
    AUTHOR = {M. Balise and C. Raymond},
     TITLE = {Transfer of basal sliding variations to the surface of a
              linearly-viscous glacier},
   JOURNAL = {J. Glaciol.},
    VOLUME = {31},
    NUMBER = {109},
      YEAR = {1985},
     PAGES = {308--318},
}

@Book{Braess2007,
  AUTHOR    = {D. Braess},
  TITLE     = {Finite {E}lements: {T}heory, {F}ast {S}olvers, and
               {A}pplications in {E}lasticity {T}heory},
  EDITION   = {3rd},
  PUBLISHER = {Cambridge University Press},
  YEAR      = {2007}
}

@Article{BrownSmithAhmadia2013,
  AUTHOR    = {J. Brown and B. Smith and A. Ahmadia},
  TITLE     = {Achieving textbook multigrid efficiency for hydrostatic
               ice sheet flow},
  JOURNAL   = {SIAM J. Sci. Comp.},
  VOLUME    = {35},
  NUMBER    = {2},
  PAGES     = {359--375},
  YEAR      = {2013},
}

@Book{BuelerBook,
  AUTHOR    = {E. Bueler},
  TITLE     = {{PETSc} for {P}artial {D}ifferential {E}quations},
  PUBLISHER = {SIAM Press},
  NOTE      = {To appear},
  YEAR      = {2020}
}

@Book{Elmanetal2014,
  AUTHOR    = {H. C. Elman and D. J. Silvester and A. J. Wathen},
  TITLE     = {Finite {E}lements and {F}ast {I}terative {S}olvers: with
               {A}pplications in {I}ncompressible {F}luid {D}ynamics},
  EDITION   = {2nd},
  PUBLISHER = {Oxford University Press},
  YEAR      = {2014},
}

@Book{Evans2010,
  AUTHOR    = {L. C. Evans},
  TITLE     = {Partial {D}ifferential {E}quations},
  SERIES    = {Graduate Studies in Mathematics},
  PUBLISHER = {American Mathematical Society},
  ADDRESS   = {Providence},
  EDITION   = {2nd},
  YEAR      = {2010},
}

@Article{Gagliardinietal2013,
AUTHOR = {Gagliardini, O. and Zwinger, T. and Gillet-Chaulet, F. and Durand, G. and Favier, L. and de Fleurian, B. and Greve, R. and Malinen, M. and Mart\'{\i}n, C. and R{\aa}back, P. and Ruokolainen, J. and Sacchettini, M. and Sch\"afer, M. and Seddik, H. and Thies, J.},
TITLE = {Capabilities and performance of {Elmer/Ice}, a new-generation ice sheet model},
JOURNAL = {Geoscientific Model Development},
VOLUME = {6},
NUMBER = {4},
PAGES = {1299--1318},
DOI = {10.5194/gmd-6-1299-2013},
YEAR = {2013}
}

@Article{GeuzaineRemacle2009,
  title={{G}msh: {A} 3-{D} finite element mesh generator with built-in pre-and post-processing facilities},
  author={Geuzaine, Christophe and Remacle, Jean-Fran{\c{c}}ois},
  journal={Int. J. Numer. Meth. Eng.},
  fjournal={International Journal for Numerical Methods in Engineering},
  volume={79},
  number={11},
  pages={1309--1331},
  year={2009},
}

@Article{GoldsbyKohlstedt2001,
    AUTHOR = {D. L. Goldsby and D. L. Kohlstedt},
     TITLE = {Superplastic deformation of ice: experimental observations},
   JOURNAL = {J. Geophys. Res.},
    VOLUME = {106},
    NUMBER = {M6},
     PAGES = {11017--11030},
      YEAR = {2001},
}

@Book{GolubVanLoan2013,
  AUTHOR    = {G. Golub and C. Van Loan},
  TITLE     = {Matrix {C}omputations},
  EDITION   = {4th},
  PUBLISHER = {Johns Hopkins University Press},
  YEAR      = {2013},
}

@Book{GreveBlatter2009,
  AUTHOR    = {R. Greve and H. Blatter},
  TITLE     = {Dynamics of {I}ce {S}heets and {G}laciers},
  SERIES    = {Advances in Geophysical and Environmental Mechanics and
               Mathematics},
  PUBLISHER = {Springer},
  YEAR      = {2009},
}

@Article {JouvetRappaz2011,
    AUTHOR = {G. Jouvet and J. Rappaz},
     TITLE = {Analysis and finite element approximation of a nonlinear stationary
              {S}tokes problem arising in glaciology},
   JOURNAL = {Advances in Numerical Analysis},
      NOTE = {\url{https://doi.org/10.1155/2011/164581}},
      YEAR = {2011},
}

@Article{Jouvetetal2008,
  title={A new algorithm to simulate the dynamics of a glacier: theory and applications},
  author={Jouvet, Guillaume and Picasso, Marco and Rappaz, Jacques and Blatter, Heinz},
  journal={Journal of Glaciology},
  volume={54},
  number={188},
  pages={801--811},
  year={2008},
}

@Book{Kelley2003,
  AUTHOR    = {Kelley, C.},
  TITLE     = {Solving {N}onlinear {E}quations with {N}ewton's {M}ethod},
  PUBLISHER = {SIAM Press},
  ADDRESS   = {Philadelphia},
  YEAR      = {2003},
}

@Article {Lengetal2012,
    AUTHOR = {Leng, W. and L. Ju and M. Gunzburger and S. Price and T. Ringler},
     TITLE = {A parallel high-order accurate finite element nonlinear {S}tokes
              ice sheet model and benchmark experiments},
   JOURNAL = {J. Geophys. Res.},
    VOLUME = {117},
      YEAR = {2012},
    NUMBER = {F01001},
       DOI = {10.1029/2011JF00196},
}

@article{PralongFunk2004,
  title={A level-set method for modeling the evolution of glacier geometry},
  author={Pralong, Antoine and Funk, Martin},
  journal={Journal of Glaciology},
  volume={50},
  number={171},
  pages={485--491},
  year={2004},
}

@Article{Rathgeberetal2016,
  author =       {Florian Rathgeber and David A. Ham and Lawrence
                  Mitchell and Michael Lange and Fabio Luporini and
                  Andrew T. T. McRae and Gheorghe-Teodor Bercea and
                  Graham R. Markall and Paul H. J. Kelly},
  title =        {Firedrake: automating the finite element method by
                  composing abstractions},
  journal =      {ACM Trans. Math. Softw.},
  volume =       {43},
  number =       {3},
  year =         {2016},
  pages =        {24:1--24:27},
}


% below here: random

@Article{BraessWriggers2000,
  title={Arbitrary Lagrangian Eulerian finite element analysis of free surface flow},
  author={Braess, Henning and Wriggers, Peter},
  journal={Computer Methods in Applied Mechanics and Engineering},
  volume={190},
  number={1-2},
  pages={95--109},
  year={2000},
  publisher={Elsevier}
}

@Book{hervouet2007hydrodynamics,
  title={Hydrodynamics of free surface flows: modelling with the finite element method},
  author={Hervouet, Jean-Michel},
  year={2007},
  publisher={John Wiley \& Sons}
}

@Article{nie2002singularity,
  title={Singularity formation in free-surface Stokes flows},
  author={Nie, Qing and Tanveer, Saleh and Dupont, Todd F and Li, Xiaofan},
  journal={Contemporary Mathematics},
  volume={306},
  pages={147--166},
  year={2002},
}

@article{doi:10.1063/1.1401812,
author = {Ali Mazouchi and G. M. Homsy},
title = {Free surface Stokes flow over topography},
journal = {Physics of Fluids},
volume = {13},
number = {10},
pages = {2751-2761},
year = {2001},
doi = {10.1063/1.1401812},
}

